@article{dunfield2014elaborating,
  title={Elaborating intersection and union types},
  author={Dunfield, Joshua},
  journal={Journal of Functional Programming},
  volume={24},
  number={2-3},
  pages={133--165},
  year={2014},
  publisher={Cambridge University Press}
}

@article{frisch2008semantic,
  title={Semantic subtyping: Dealing set-theoretically with function, union, intersection, and negation types},
  author={Frisch, Alain and Castagna, Giuseppe and Benzaken, V{\'e}ronique},
  journal={Journal of the ACM (JACM)},
  volume={55},
  number={4},
  pages={19},
  year={2008},
  publisher={ACM}
}

@inproceedings{dunfield2007refined,
  title={Refined typechecking with Stardust},
  author={Dunfield, Joshua},
  booktitle={Proceedings of the 2007 workshop on Programming languages meets program verification},
  pages={21--32},
  year={2007},
  organization={ACM}
}

@phdthesis{davies2005practical,
  title={Practical refinement-type checking},
  author={Davies, Rowan},
  year={2005},
  school={University of Western Australia}
}

@inproceedings{davies2000intersection,
  title={Intersection types and computational effects},
  author={Davies, Rowan and Pfenning, Frank},
  booktitle={ACM Sigplan Notices},
  volume={35},
  number={9},
  pages={198--208},
  year={2000},
  organization={ACM}
}

@techreport{crary1998simple,
  title={Simple, efficient object encoding using intersection types},
  author={Crary, Karl},
  year={1998},
  institution={Cornell University}
}

@book{reynolds1997design,
  title={Design of the programming language Forsythe},
  author={Reynolds, John C},
  year={1997},
  publisher={Springer}
}

@article{pierce1997intersection,
  title={Intersection types and bounded polymorphism},
  author={Pierce, Benjamin C},
  journal={Mathematical Structures in Computer Science},
  volume={7},
  number={02},
  pages={129--193},
  year={1997},
  publisher={Cambridge Univ Press}
}

@article{compagnoni1996higher,
  title={Higher-order intersection types and multiple inheritance},
  author={Compagnoni, Adriana B and Pierce, Benjamin C},
  journal={Mathematical Structures in Computer Science},
  volume={6},
  number={5},
  pages={469--501},
  year={1996},
  publisher={Citeseer}
}

@article{castagna1995calculus,
  title={A calculus for overloaded functions with subtyping},
  author={Castagna, Giuseppe and Ghelli, Giorgio and Longo, Giuseppe},
  journal={Information and Computation},
  volume={117},
  number={1},
  pages={115--135},
  year={1995},
  publisher={Elsevier}
}

@article{barbanera1995intersection,
  title={Intersection and union types: syntax and semantics},
  author={Barbanera, Franco and Dezaniciancaglini, Mariangiola and Deliguoro, Ugo},
  journal={Information and Computation},
  volume={119},
  number={2},
  pages={202--230},
  year={1995},
  publisher={Elsevier}
}

@phdthesis{pierce1991programming,
  title={Programming with intersection types and bounded polymorphism},
  author={Pierce, Benjamin C},
  year={1991},
  school={Carnegie Mellon University Pittsburgh, PA}
}

@book{freeman1991refinement,
  title={Refinement types for ML},
  author={Freeman, Tim and Pfenning, Frank},
  volume={26},
  number={6},
  year={1991},
  publisher={ACM}
}

@article{coppo1981functional,
  title={Functional characters of solvable terms},
  author={Coppo, Mario and Dezani-Ciancaglini, Mariangiola and Venneri, Betti},
  journal={Mathematical Logic Quarterly},
  volume={27},
  number={2-6},
  pages={45--58},
  year={1981},
  publisher={Wiley Online Library}
}

@article{coppo1978new,
  title={A new type assignment for $\lambda$-terms},
  author={Coppo, Mario and Dezani-Ciancaglini, Mariangiola},
  journal={Archiv f{\"u}r mathematische Logik und Grundlagenforschung},
  volume={19},
  number={1},
  pages={139--156},
  year={1978},
  publisher={Springer}
}