@inproceedings{amin2014foundations,
  title={Foundations of path-dependent types},
  author={Amin, Nada and Rompf, Tiark and Odersky, Martin},
  booktitle={Proceedings of the 2014 ACM International Conference on Object Oriented Programming Systems Languages \& Applications},
  pages={233--249},
  year={2014},
  organization={ACM}
}

@inproceedings{Bracha98making,
 author = {Bracha, Gilad and Odersky, Martin and Stoutamire, David and Wadler, Philip},
 title = {Making the Future Safe for the Past: Adding Genericity to the Java Programming Language},
 booktitle = {Proceedings of the 13th ACM SIGPLAN Conference on Object-oriented Programming, Systems, Languages, and Applications},
 series = {OOPSLA '98},
 year = {1998},
 pages = {183--200}
} 

@inproceedings{Torgersen04wildcards,
 author = {Torgersen, Mads and Hansen, Christian Plesner and Ernst, Erik and von der Ah{\'e}, Peter and Bracha, Gilad and Gafter, Neal},
 title = {Adding Wildcards to the Java Programming Language},
 booktitle = {Proceedings of the 2004 ACM Symposium on Applied Computing},
 series = {SAC '04},
 year = {2004},
 pages = {1289--1296}
} 

@inproceedings{Moors08generics,
 author = {Moors, Adriaan and Piessens, Frank and Odersky, Martin},
 title = {Generics of a Higher Kind},
 booktitle = {Proceedings of the 23rd ACM SIGPLAN Conference on Object-oriented Programming Systems Languages and Applications},
 series = {OOPSLA '08},
 year = {2008}, 
 pages = {423--438}
} 

@article{Igarashi06variant,
 author = {Igarashi, Atsushi and Viroli, Mirko},
 title = {Variant Parametric Types: A Flexible Subtyping Scheme for Generics},
 journal = {ACM Trans. Program. Lang. Syst.},
 issue_date = {September 2006},
 volume = {28},
 number = {5},
 month = sep,
 year = {2006},
 pages = {795--847}
} 

@inproceedings{Reynolds74f,
 author = {Reynolds, John C.},
 title = {Towards a Theory of Type Structure},
 booktitle = {Programming Symposium, Proceedings Colloque Sur La Programmation},
 year = {1974},
 isbn = {3-540-06859-7},
 pages = {408--423},
 numpages = {16},
 url = {http://dl.acm.org/citation.cfm?id=647323.721503},
 acmid = {721503},
 publisher = {Springer-Verlag},
 address = {London, UK, UK},
} 



@inproceedings{Canning89f-bounded,
 author = {Canning, Peter and Cook, William and Hill, Walter and Olthoff, Walter and Mitchell, John C.},
 title = {F-bounded Polymorphism for Object-oriented Programming},
 booktitle = {Proceedings of the Fourth International Conference on Functional Programming Languages and Computer Architecture},
 series = {FPCA '89},
 year = {1989},
 isbn = {0-89791-328-0},
 location = {Imperial College, London, United Kingdom},
 pages = {273--280},
 numpages = {8},
 url = {http://doi.acm.org/10.1145/99370.99392},
 doi = {10.1145/99370.99392},
 acmid = {99392},
 publisher = {ACM},
 address = {New York, NY, USA},
} 

@inproceedings{togersen:2004,
  author    = {Mads Torgersen},
  title     = {{The Expression Problem Revisited}},
  booktitle = {Proc. of the 18th European Conference on Object-Oriented Programming},
  year      = {2004},
  pages     = {123--143},
  editor    = {Martin Odersky},
  address   = {Oslo (Norway)},
  month     = {June},
  series    = {Lecture Notes in Computer Science},
  volume    = {3086},
}

@incollection{oliveira2013feature,
  title={Feature-Oriented programming with object algebras},
  author={Oliveira, Bruno C. d. S. and Van Der Storm, Tijs and Loh, Alex and Cook, William R},
  booktitle={ECOOP 2013--Object-Oriented Programming},
  pages={27--51},
  year={2013},
  publisher={Springer}
}

@inproceedings{rendel14attributes,
 author = {Rendel, Tillmann and Brachth\"{a}user, Jonathan Immanuel and Ostermann, Klaus},
 title = {From Object Algebras to Attribute Grammars},
 booktitle = {Proceedings of the 2014 ACM International Conference on Object Oriented Programming Systems Languages \&\#38; Applications},
 series = {OOPSLA '14},
 year = {2014},
 isbn = {978-1-4503-2585-1},
 location = {Portland, Oregon, USA},
 pages = {377--395},
 numpages = {19},
 url = {http://doi.acm.org/10.1145/2660193.2660237},
 doi = {10.1145/2660193.2660237},
 acmid = {2660237},
 publisher = {ACM},
 address = {New York, NY, USA},
 keywords = {attribute grammars, church-encoding, embedded domain-specific languages, modularity, object algebras, one-pass compilers, scala, visitor pattern},
} 

@incollection{oliveira2012extensibility,
  title={Extensibility for the Masses},
  author={Oliveira, Bruno C. d. S. and Cook, William R},
  booktitle={ECOOP 2012--Object-Oriented Programming},
  pages={2--27},
  year={2012},
  publisher={Springer}
}

@inproceedings{amin2012dependent,
  title={Dependent object types},
  author={Amin, Nada and Moors, Adriaan and Odersky, Martin},
  booktitle={19th International Workshop on Foundations of Object-Oriented Languages},
  number={EPFL-CONF-183030},
  year={2012}
}

@incollection{malayeri2008integrating,
  title={Integrating nominal and structural subtyping},
  author={Malayeri, Donna and Aldrich, Jonathan},
  booktitle={ECOOP 2008--Object-Oriented Programming},
  pages={260--284},
  year={2008},
  publisher={Springer}
}

@inproceedings{oliveira09modular,
  title = "Modular Visitor Components: A Practical Solution to the Expression Families Problem",
  author = "Bruno C. d. S. Oliveira",
  year = "2009",
  booktitle = "23rd European Conference on Object Oriented Programming (ECOOP)",
  editor = "Sophia Drossopoulou",
  journal = "23rd European Conference on Object Oriented Programming (ECOOP)",
  location = "Genova, Italy",
  month = "July",
}

@article{ostermann2008nominal,
  title={Nominal and Structural Subtyping in Component-Based Programming.},
  author={Ostermann, Klaus},
  journal={Journal of Object Technology},
  volume={7},
  number={1},
  pages={121--145},
  year={2008},
  publisher={Citeseer}
}

@article{ernst2006virtual,
  title={A Virtual Class Calculus},
  author={Ernst, Erik and Ostermann, Klaus and Cook, William Randall},
  journal={POPL 2006},
  pages={270--282}
}

@inproceedings{nystrom2006j,
  title={J\&: nested intersection for scalable software composition},
  author={Nystrom, Nathaniel and Qi, Xin and Myers, Andrew C},
  booktitle={ACM SIGPLAN Notices},
  volume={41},
  number={10},
  pages={21--36},
  year={2006},
  organization={ACM}
}

@book{pierce2002types,
  title={Types and programming languages},
  author={Pierce, Benjamin C},
  year={2002},
  publisher={MIT press}
}

@inproceedings{garrigue1998programming,
  title={Programming with polymorphic variants},
  author={Garrigue, Jacques},
  booktitle={ML Workshop},
  volume={13},
  year={1998},
  organization={Baltimore}
}

@article{wadler1998expression,
  title={The expression problem},
  author={Wadler, Philip},
  journal={Java-genericity mailing list},
  year={1998}
}

@inproceedings{plotkin1994subtyping,
  title={Subtyping and parametricity},
  author={Plotkin, Gordon and Abadi, Mart{\'\i}n and Cardelli, Luca},
  booktitle={Logic in Computer Science, 1994. LICS'94. Proceedings., Symposium on},
  pages={310--319},
  year={1994},
  organization={IEEE}
}

@inproceedings{cook1989inheritance,
  title={Inheritance is not subtyping},
  author={Cook, William R and Hill, Walter and Canning, Peter S},
  booktitle={Proceedings of the 17th ACM SIGPLAN-SIGACT symposium on Principles of programming languages},
  pages={125--135},
  year={1989},
  organization={ACM}
}

@inproceedings{wand1987complete,
  title={Complete type inference for simple objects},
  author={Wand, Mitchell},
  booktitle={LICS},
  volume={87},
  pages={37--44},
  year={1987}
}

@article{cardelli1985understanding,
  title={On understanding types, data abstraction, and polymorphism},
  author={Cardelli, Luca and Wegner, Peter},
  journal={ACM Computing Surveys (CSUR)},
  volume={17},
  number={4},
  pages={471--523},
  year={1985},
  publisher={ACM}
}

@InProceedings{Zenger-Odersky2005 ,
  author = 	 {Zenger, Mathhias and Odersky, Martin},
  title =        {Independently Extensible Solutions to the Expression Problem},
  booktitle =    {FOOL},
  year =         2005,
  month =        jan,
}