@inproceedings{chlipala2010ur,
  title={Ur: statically-typed metaprogramming with type-level record computation},
  author={Chlipala, Adam},
  booktitle={ACM Sigplan Notices},
  volume={45},
  number={6},
  pages={122--133},
  year={2010},
  organization={ACM}
}

@article{leijen2005extensible,
  title={Extensible records with scoped labels.},
  author={Leijen, Daan},
  journal={Trends in Functional Programming},
  volume={5},
  pages={297--312},
  year={2005}
}

@article{leijen2004first,
  title={First-class labels for extensible rows},
  author={Leijen, Daan},
  journal={UU-CS},
  number={2004-051},
  year={2004},
  publisher={Utrecht University: Information and Computing Sciences}
}

@book{remy1993type,
  title={Type inference for records in a natural extension of ML},
  author={R{\'e}my, Didier},
  year={1993},
  publisher={Theoretical Aspects Of Object-Oriented Programming. Types, Semantics and Language Design. MIT Press}
}

@book{cardelli1992extensible,
  title={Extensible records in a pure calculus of subtyping},
  author={Cardelli, Luca},
  year={1992},
  publisher={Digital. Systems Research Center}
}

@inproceedings{harper1991record,
  title={A record calculus based on symmetric concatenation},
  author={Harper, Robert and Pierce, Benjamin},
  booktitle={Proceedings of the 18th ACM SIGPLAN-SIGACT symposium on Principles of programming languages},
  pages={131--142},
  year={1991},
  organization={ACM}
}

@inproceedings{cardelli1990operations,
  title={Operations on records},
  author={Cardelli, Luca and Mitchell, John C},
  booktitle={Mathematical foundations of programming semantics},
  pages={22--52},
  year={1990},
  organization={Springer}
}

@article{harper1990extensible,
  title={Extensible records without subsumption},
  author={Harper, Robert William and Pierce, Benjamin C},
  year={1990}
}

@inproceedings{remy1989type,
  title={Type checking records and variants in a natural extension of ML},
  author={R{\'e}my, Didier},
  booktitle={Proceedings of the 16th ACM SIGPLAN-SIGACT symposium on Principles of programming languages},
  pages={77--88},
  year={1989},
  organization={ACM}
}

@inproceedings{wand1989type,
  title={Type inference for record concatenation and multiple inheritance},
  author={Wand, Mitchell},
  booktitle={Logic in Computer Science, 1989. LICS'89, Proceedings., Fourth Annual Symposium on},
  pages={92--97},
  year={1989},
  organization={IEEE}
}
