@inproceedings{amin2014foundations,
  title={Foundations of path-dependent types},
  author={Amin, Nada and Rompf, Tiark and Odersky, Martin},
  booktitle={Proceedings of the 2014 ACM International Conference on Object Oriented Programming Systems Languages \& Applications},
  year={2014},
}

@incollection{emgm,
  title = "Extensible and Modular Generics for the Masses",
  author = "Bruno C. d. S. Oliveira, Ralf Hinze and Andres Loeh",
  year = "2006",
  booktitle = "Trends in Functional Programming",
  editor = "Henrik Nilsson"
}

@inproceedings{DelawareOS13,
	Author = {Benjamin Delaware and Bruno C. d. S. Oliveira and Tom Schrijvers},
	Booktitle = {The 40th Annual {ACM} {SIGPLAN}-{SIGACT} Symposium on Principles of Programming Languages, {POPL} '13, Rome, Italy - January 23 - 25},
	Title = {Meta-theory {\`a} la carte},
	Year = {2013},
	}

@inproceedings{SchwaabS13,
	Author = {Christopher Schwaab and Jeremy G. Siek},
	Booktitle = {Proceedings of the 7th Workshop on Programming languages meets program verification (PLPV)},
	Title = {Modular type-safety proofs in Agda},
	Year = {2013},
}

@article{swierstra:la-carte,
	Author = {Wouter Swierstra},
	Journal = {Journal of Functional Programming},
	Month = {July},
	Number = {4},
	Pages = {423--436},
	Title = {Data types \`a la carte},
	Volume = {18},
	Year = {2008}}

@InCollection{Prehofer97,
  key =    {Prehofer},
  author =   {Christian Prehofer},
  title =    {Feature-Oriented Programming: A Fresh Look at Objects},
  booktitle =    {ECOOP '97 --- Object-Oriented Programming 11th
                  European Conference},
  year =   1997
}

@article{Knuth1968,
  author = {Donald Knuth},
  title = {{Semantics of Context-Free Languages}},
  journal = {Mathematical Systems Theory},
  year = {1968}
}

@inproceedings{Tarr99ndegrees,
 author = {Tarr, Peri and Ossher, Harold and Harrison, William and Sutton,Jr., Stanley M.},
 title = {N Degrees of Separation: Multi-dimensional Separation of Concerns},
 booktitle = {Proceedings of the 21st International Conference on Software Engineering},
 series = {ICSE '99},
 year = {1999},
} 

@inproceedings{Harrison93subject,
 author = {Harrison, William and Ossher, Harold},
 title = {Subject-oriented Programming: A Critique of Pure Objects},
 booktitle = {Proceedings of the Eighth Annual Conference on Object-oriented Programming Systems, Languages, and Applications},
 series = {OOPSLA '93},
 year = {1993},
} 

@inproceedings{Bracha98making,
 author = {Bracha, Gilad and Odersky, Martin and Stoutamire, David and Wadler, Philip},
 title = {Making the Future Safe for the Past: Adding Genericity to the Java Programming Language},
 booktitle = {Proceedings of the 13th ACM SIGPLAN Conference on Object-oriented Programming, Systems, Languages, and Applications},
 series = {OOPSLA '98},
 year = {1998},
} 

@inproceedings{Torgersen04wildcards,
 author = {Torgersen, Mads and Hansen, Christian Plesner and Ernst, Erik and von der Ah{\'e}, Peter and Bracha, Gilad and Gafter, Neal},
 title = {Adding Wildcards to the Java Programming Language},
 booktitle = {Proceedings of the 2004 ACM Symposium on Applied Computing},
 series = {SAC '04},
 year = {2004},
} 

@inproceedings{Moors08generics,
 author = {Moors, Adriaan and Piessens, Frank and Odersky, Martin},
 title = {Generics of a Higher Kind},
 booktitle = {Proceedings of the 23rd ACM SIGPLAN Conference on Object-oriented Programming Systems Languages and Applications},
 series = {OOPSLA '08},
 year = {2008}, 
} 

@book{gamma1994design,
  title={Design patterns: elements of reusable object-oriented software},
  author={Gamma, Erich and Helm, Richard and Johnson, Ralph and Vlissides, John},
  year={1994},
  publisher={Pearson Education}
}

@article{Igarashi06variant,
 author = {Igarashi, Atsushi and Viroli, Mirko},
 title = {Variant Parametric Types: A Flexible Subtyping Scheme for Generics},
 journal = {ACM Trans. Program. Lang. Syst.},
 issue_date = {September 2006},
 number = {5},
 year = {2006},
} 

@inproceedings{Reynolds74f,
 author = {Reynolds, John C.},
 title = {Towards a Theory of Type Structure},
 booktitle = {Programming Symposium, Proceedings Colloque Sur La Programmation},
 year = {1974},
} 



@inproceedings{Canning89f-bounded,
 author = {Canning, Peter and Cook, William and Hill, Walter and Olthoff, Walter and Mitchell, John C.},
 title = {F-bounded Polymorphism for Object-oriented Programming},
 booktitle = {Proceedings of the Fourth International Conference on Functional Programming Languages and Computer Architecture},
 year = {1989},
}

@inproceedings{togersen:2004,
  author    = {Mads Torgersen},
  title     = {{The Expression Problem Revisited}},
  booktitle = {Proc. of the 18th European Conference on Object-Oriented Programming},
  year      = {2004},
  editor    = {Martin Odersky},
  series    = {Lecture Notes in Computer Science},
}

@article{BoehmBerarducci,
  author = {Corrado Boehm and Alessandro Berarducci},
  title = {Automatic Synthesis of Typed Lambda-Programs on Term Algebras},
  journal = {Theoretical Computer Science},
  year = 1985,
  volume = 39,
  pages = {135--154},
}


@incollection{oliveira2013feature,
  title={Feature-Oriented programming with object algebras},
  author={Oliveira, Bruno C. d. S. and Van Der Storm, Tijs and Loh, Alex and Cook, William R},
  booktitle={ECOOP 2013--Object-Oriented Programming},
  year={2013},
}

@inproceedings{rendel14attributes,
 author = {Rendel, Tillmann and Brachth\"{a}user, Jonathan Immanuel and Ostermann, Klaus},
 title = {From Object Algebras to Attribute Grammars},
 booktitle = {Proceedings of the 2014 ACM International Conference on Object Oriented Programming Systems Languages \& Applications},
 series = {OOPSLA '14},
 year = {2014},
} 

@incollection{oliveira2012extensibility,
  title={Extensibility for the Masses},
  author={Oliveira, Bruno C. d. S. and Cook, William R},
  booktitle={ECOOP 2012--Object-Oriented Programming},
  year={2012},
}

@inproceedings{amin2012dependent,
  title={Dependent object types},
  author={Amin, Nada and Moors, Adriaan and Odersky, Martin},
  booktitle={19th International Workshop on Foundations of Object-Oriented Languages},
  year={2012}
}

@incollection{malayeri2008integrating,
  title={Integrating nominal and structural subtyping},
  author={Malayeri, Donna and Aldrich, Jonathan},
  booktitle={ECOOP 2008--Object-Oriented Programming},
  year={2008},
}

@inproceedings{oliveira09modular,
  title = "Modular Visitor Components: A Practical Solution to the Expression Families Problem",
  author = "Bruno C. d. S. Oliveira",
  year = "2009",
  booktitle = "23rd European Conference on Object Oriented Programming (ECOOP)",
  journal = "23rd European Conference on Object Oriented Programming (ECOOP)",
}

@article{ostermann2008nominal,
  title={Nominal and Structural Subtyping in Component-Based Programming.},
  author={Ostermann, Klaus},
  journal={Journal of Object Technology},
  year={2008},
}

@inproceedings{Ernst01family,
 author = {Ernst, Erik},
 title = {Family Polymorphism},
 booktitle = {Proceedings of the 15th European Conference on Object-Oriented Programming},
 series = {ECOOP '01},
 year = {2001}
} 

@inproceedings{Ostermann02dynamically,
 author = {Ostermann, Klaus},
 title = {Dynamically Composable Collaborations with Delegation Layers},
 booktitle = {Proceedings of the 16th European Conference on Object-Oriented Programming},
 series = {ECOOP '02},
 year = {2002}
} 

@inproceedings{Smaragdakis98mixin,
 author = {Smaragdakis, Yannis and Batory, Don S.},
 title = {Implementing Layered Designs with Mixin Layers},
 booktitle = {Proceedings of the 12th European Conference on Object-Oriented Programming},
 series = {ECCOP '98},
 year = {1998}
} 

@inproceedings{McDirmid01Jiazzi,
 author = {McDirmid, Sean and Flatt, Matthew and Hsieh, Wilson C.},
 title = {Jiazzi: New-age Components for Old-fasioned Java},
 booktitle = {Proceedings of the 16th ACM SIGPLAN Conference on Object-oriented Programming, Systems, Languages, and Applications},
 series = {OOPSLA '01},
 year = {2001}
} 


@incollection{Aracic06CaesarJ,
 author = {Aracic, Ivica and Gasiunas, Vaidas and Mezini, Mira and Ostermann, Klaus},
 chapter = {An Overview of Caesarj},
 title = {Transactions on Aspect-Oriented Software Development I},
 editor = {Rashid, Awais and Aksit, Mehmet},
 year = {2006}
} 


@article{ernst2006virtual,
  title={A Virtual Class Calculus},
  author={Ernst, Erik and Ostermann, Klaus and Cook, William Randall},
  journal={POPL 2006},
}

@inproceedings{nystrom2006j,
  title={J\&: Nested intersection for scalable software composition},
  author={Nystrom, Nathaniel and Qi, Xin and Myers, Andrew C},
  booktitle={In Proc. 2006 OOPSLA},
}

@book{pierce2002types,
  title={Types and programming languages},
  author={Pierce, Benjamin C},
  year={2002},
}

@inproceedings{garrigue1998programming,
  title={Programming with polymorphic variants},
  author={Garrigue, Jacques},
  booktitle={ML Workshop},
  year={1998},
  organization={Baltimore}
}

@article{wadler1998expression,
  title={The expression problem},
  author={Wadler, Philip},
  journal={Java-genericity mailing list},
  year={1998}
}

@inproceedings{plotkin1994subtyping,
  title={Subtyping and parametricity},
  author={Plotkin, Gordon and Abadi, Mart{\'\i}n and Cardelli, Luca},
  booktitle={Logic in Computer Science, 1994. LICS'94. Proceedings., Symposium on},
  year={1994},
  organization={IEEE}
}

@article(CMMS,  author="Cardelli, L. and  Martini, S. and Mitchell, J. 
  and Scedrov, A.", 
        Title="An extension of {System F} with subtyping",
        journal="Information and Computation",
        Year="1994")

@inproceedings{cook1989inheritance,
  title={Inheritance is not subtyping},
  author={Cook, William R and Hill, Walter and Canning, Peter S},
  booktitle={Proceedings of the 17th ACM SIGPLAN-SIGACT symposium on Principles of programming languages},
  year={1989},
  organization={ACM}
}

@inproceedings{wand1987complete,
  title={Complete type inference for simple objects},
  author={Wand, Mitchell},
  booktitle={LICS},
  year={1987}
}

@article{cardelli1985understanding,
  title={On understanding types, data abstraction, and polymorphism},
  author={Cardelli, Luca and Wegner, Peter},
  journal={ACM Computing Surveys (CSUR)},
  year={1985},
}

@InProceedings{Zenger-Odersky2005 ,
  author =   {Zenger, Mathhias and Odersky, Martin},
  title =        {Independently Extensible Solutions to the Expression Problem},
  booktitle =    {FOOL},
  year =         2005,
}
@article{dunfield2014elaborating,
  title={Elaborating intersection and union types},
  author={Dunfield, Joshua},
  journal={Journal of Functional Programming},
  year={2014},
}

@article{frisch2008semantic,
  title={Semantic subtyping: Dealing set-theoretically with function, union, intersection, and negation types},
  author={Frisch, Alain and Castagna, Giuseppe and Benzaken, V{\'e}ronique},
  journal={Journal of the ACM (JACM)},
  year={2008},
}

@inproceedings{dunfield2007refined,
  title={Refined typechecking with Stardust},
  author={Dunfield, Joshua},
  booktitle={Proceedings of the 2007 workshop on Programming languages meets program verification},
  year={2007},
  organization={ACM}
}

@phdthesis{davies2005practical,
  title={Practical refinement-type checking},
  author={Davies, Rowan},
  year={2005},
  school={University of Western Australia}
}

@inproceedings{davies2000intersection,
  title={Intersection Types and Computational Effects},
  author={Davies, Rowan and Pfenning, Frank},
  booktitle={Proceedings of the Fifth ACM SIGPLAN International Conference on Functional Programming (ICFP'00)},
  year={2000},
}

@inproceedings{Reynolds:1991,
 author = {Reynolds, John C.},
 title = {The Coherence of Languages with Intersection Types},
 booktitle = {Proceedings of the International Conference on Theoretical Aspects of Computer Software},
 series = {TACS '91},
 year = {1991}
} 


@techreport{crary1998simple,
  title={Simple, efficient object encoding using intersection types},
  author={Crary, Karl},
  year={1998},
  institution={Cornell University}
}

@book{reynolds1997design,
  title={Design of the programming language Forsythe},
  author={Reynolds, John C},
  year={1997},
}

@article{pierce1997intersection,
  title={Intersection types and bounded polymorphism},
  author={Pierce, Benjamin C},
  journal={Mathematical Structures in Computer Science},
  year={1997},
}

@article{compagnoni1996higher,
  title={Higher-order intersection types and multiple inheritance},
  author={Compagnoni, Adriana B and Pierce, Benjamin C},
  journal={Mathematical Structures in Computer Science},
  year={1996},
}

@article{castagna1995calculus,
  title={A calculus for overloaded functions with subtyping},
  author={Castagna, Giuseppe and Ghelli, Giorgio and Longo, Giuseppe},
  journal={Information and Computation},
  year={1995},
}

@article{barbanera1995intersection,
  title={Intersection and union types: syntax and semantics},
  author={Barbanera, Franco and Dezaniciancaglini, Mariangiola and Deliguoro, Ugo},
  journal={Information and Computation},
  year={1995},
}

@article{pierce1991programming1,
  title={Programming with intersection types, union types, and polymorphism},
  author={Pierce, Benjamin C},
  year={1991}
}

@phdthesis{pierce1991programming2,
  title={Programming with intersection types and bounded polymorphism},
  author={Pierce, Benjamin C},
  year={1991},
  school={Carnegie Mellon University Pittsburgh, PA}
}

@inproceedings{freeman1991refinement,
 author = {Freeman, Tim and Pfenning, Frank},
 title = {Refinement Types for ML},
 booktitle = {Proceedings of the ACM SIGPLAN 1991 Conference on Programming Language Design and Implementation},
 series = {PLDI '91},
 year = {1991},
}

@article{coppo1981functional,
  title={Functional characters of solvable terms},
  author={Coppo, Mario and Dezani-Ciancaglini, Mariangiola and Venneri, Betti},
  journal={Mathematical Logic Quarterly},
  year={1981},
}

@article{coppo1978new,
  title={A new type assignment for $\lambda$-terms},
  author={Coppo, Mario and Dezani-Ciancaglini, Mariangiola},
  journal={Archiv f{\"u}r mathematische Logik und Grundlagenforschung},
  year={1978},
}
@inproceedings{chlipala2010ur,
  title={Ur: statically-typed metaprogramming with type-level record computation},
  author={Chlipala, Adam},
  booktitle={ACM Sigplan Notices},
  year={2010},
  organization={ACM}
}

@article{leijen2005extensible,
  title={Extensible records with scoped labels.},
  author={Leijen, Daan},
  journal={Trends in Functional Programming},
  year={2005}
}

@article{leijen2004first,
  title={First-class labels for extensible rows},
  author={Leijen, Daan},
  journal={UU-CS},
  number={2004-051},
  year={2004},
}

@book{remy1993type,
  title={Type inference for records in a natural extension of ML},
  author={R{\'e}my, Didier},
  year={1993},
  publisher={Theoretical Aspects Of Object-Oriented Programming. Types, Semantics and Language Design. MIT Press}
}

@book{cardelli1992extensible,
  title={Extensible records in a pure calculus of subtyping},
  author={Cardelli, Luca},
  year={1992},
  publisher={Digital. Systems Research Center}
}

@inproceedings{harper1991record,
  title={A record calculus based on symmetric concatenation},
  author={Harper, Robert and Pierce, Benjamin},
  booktitle={Proceedings of the 18th ACM SIGPLAN-SIGACT symposium on Principles of programming languages},
  year={1991},
  organization={ACM}
}

@inproceedings{cardelli1990operations,
  title={Operations on records},
  author={Cardelli, Luca and Mitchell, John C},
  booktitle={Mathematical foundations of programming semantics},
  year={1990},
}

@article{harper1990extensible,
  title={Extensible records without subsumption},
  author={Harper, Robert William and Pierce, Benjamin C},
  year={1990}
}

@inproceedings{remy1989type,
  title={Type checking records and variants in a natural extension of ML},
  author={R{\'e}my, Didier},
  booktitle={Proceedings of the 16th ACM SIGPLAN-SIGACT symposium on Principles of programming languages},
  year={1989},
  organization={ACM}
}

@inproceedings{wand1989type,
  title={Type inference for record concatenation and multiple inheritance},
  author={Wand, Mitchell},
  booktitle={Logic in Computer Science, 1989. LICS'89, Proceedings., Fourth Annual Symposium on},
  year={1989},
  organization={IEEE}
}
