@inproceedings{oliveira16disjoint,
    author    = {Oliveira, Bruno C. d. S. and
                 Shi, Zhiyuan and
                 Alpuim, Jo{\~{a}}o},
   title     = {Disjoint intersection types},
   //booktitle = {Proceedings of the 21st {ACM} {SIGPLAN} International Conference on
                  Functional Programming, {ICFP} 2016, Nara, Japan, September 18-22,
                  2016},
   booktitle = {ICFP'16},
   //pages     = {364--377},
   year      = {2016},
}

@inproceedings{Rendel14OA,
 author = {Rendel, Tillmann and Brachth\"{a}user, Jonathan Immanuel and Ostermann, Klaus},
 title = {From Object Algebras to Attribute Grammars},
 //booktitle = {Proceedings of the 2014 ACM International Conference on Object Oriented Programming Systems Languages \& Applications},
 booktitle = {OOPSLA'14},
 year = {2014},
 //pages = {377--395},
} 

@article {comppier96,
   AUTHOR = {Compagnoni, Adriana B. and Pierce, Benjamin C.},
    TITLE = {Higher-order intersection types and multiple inheritance},
  JOURNAL = {Math. Structures Comput. Sci.},
 FJOURNAL = {Mathematical Structures in Computer Science. A Journal in the
             Applications of Categorical, Algebraic and Geometric Methods in
             Computer Science},
   VOLUME = {6},
     YEAR = {1996},
   NUMBER = {5},
    PAGES = {469--501}
}

@inproceedings{Pottinger80type,
	Author = {G. Pottinger},
	Booktitle = {To H. B. Curry: essays on combinatory logic, lambda calculus and formalism},
	//Pages = {561--577. Academic Press, London},
	Title = {A type assignment for the strongly normalizable $\lambda$-terms},
	Year = {1980}}

@InProceedings{Dunfield03Intersections,
    author =    {Joshua Dunfield and Frank Pfenning},
    title =     {Type Assignment for Intersections and Unions in Call-by-Value Languages},
    booktitle = {Foundations of Software Science and Computation Structures (FOSSACS '03)},
    pages =     {250--266},
    year =      2003,
    editor =    {A.D. Gordon},
    address =   {Warsaw, Poland},
    month =     apr,
    publisher = {Springer-Verlag LNCS 2620}
  }

@InProceedings{Freeman91refinement,
  author =	"Tim Freeman and Frank Pfenning",
  title =	"Refinement Types for {ML}",
  booktitle =	"Proceedings of the {SIGPLAN '91} Symposium on Language Design
		  and Implementation",
  address =	"Toronto, Ontario",
  publisher =	"ACM Press",
  month =	jun,
  year =	1991
}

@InProceedings{Dunfield07:Stardust,
  author =     {Joshua Dunfield},
  title =      {Refined typechecking with {Stardust}},
  booktitle =  {Programming Languages meets Program Verification (PLPV '07)},
  month =      oct,
  year =       2007,
  editor =     {A. Stump and H. Xi},
  address =    {Freiburg, Germany}
}

@inproceedings{reynolds2002separation,
  title={Separation logic: A logic for shared mutable data structures},
  author={Reynolds, John C},
  booktitle={Logic in Computer Science, 2002. Proceedings. 17th Annual IEEE Symposium on},
  pages={55--74},
  year={2002},
  organization={IEEE}
}

@book{cook1989denotational,
  title={A denotational semantics of inheritance and its correctness},
  author={Cook, William and Palsberg, Jens},
  volume={24},
  number={10},
  year={1989},
  publisher={ACM}
}

@inproceedings{scharli2003traits,
  title={Traits: Composable units of behaviour},
  author={Sch{\"a}rli, Nathanael and Ducasse, St{\'e}phane and Nierstrasz, Oscar and Black, Andrew P},
  //booktitle={ECOOP 2003--Object-Oriented Programming},
  booktitle={ECOOP'03},
  //pages={248--274},
  year={2003},
}

@article{scharli2003traitsformal,
  title={Traits: The formal model},
  author={Scharli, Nathanael and Ducasse, St and Wuyts, Roel and Black, Andrew and others},
  year={2003}
}

@inproceedings{fisher2004typed,
  title={A typed calculus of traits},
  author={Fisher, Kathleen and Reppy, John},
  booktitle={Proceedings of the 11th Workshop on Foundations of Object-oriented Programming},
  year={2004}
}

@inproceedings{bettini2010prototypical,
  title={A prototypical Java-like language with records and traits},
  author={Bettini, Lorenzo and Damiani, Ferruccio and Schaefer, Ina and Strocco, Fabio},
  booktitle={Proceedings of the 8th International Conference on the Principles and Practice of Programming in Java},
  pages={129--138},
  year={2010},
  organization={ACM}
}

@inproceedings{Castagna:2014,
 author = {Castagna, Giuseppe and Nguyen, Kim and Xu, Zhiwu and Im, Hyeonseung and Lenglet, Sergue\"{\i} and Padovani, Luca},
 title = {Polymorphic Functions with Set-theoretic Types: Part 1: Syntax, Semantics, and Evaluation},
 //booktitle = {Proceedings of the 41st ACM SIGPLAN-SIGACT Symposium on Principles of Programming Languages},
 booktitle = {POPL '14},
 year = {2014}
}

@article{weber1995coherence,
  title={On coherence in computer algebra},
  author={Weber, Andreas},
  journal={Journal of symbolic computation},
  volume={19},
  number={1-3},
  pages={25--38},
  year={1995},
  publisher={Elsevier}
}

@inproceedings{curienl1990coherence,
  title={Coherence of Subsumption},
  author={Curienl, Pierre-Louis and Ghelli, Giorgio},
  booktitle={CAAP'90: 15th Colloquium on Trees in Algebra and Programming, Copenhagen, Denmark, May 15-18, 1990, Proceedings},
  volume={431},
  pages={132},
  year={1990},
  organization={Springer Science \& Business Media}
}

@inproceedings{amin2014foundations,
  title={Foundations of path-dependent types},
  author={Amin, Nada and Rompf, Tiark and Odersky, Martin},
  booktitle={Proceedings of the 2014 ACM International Conference on Object Oriented Programming Systems Languages \& Applications},
  year={2014},
}

@article{BoehmBerarducci,
  author = {Corrado Boehm and Alessandro Berarducci},
  title = {Automatic Synthesis of Typed Lambda-Programs on Term Algebras},
  journal = {Theoretical Computer Science},
  year = 1985,
  volume = 39,
  pages = {135--154},
}

@article{Cardelli:1994,
 author = {Cardelli, Luca and Martini, Simone and Mitchell, John C. and Scedrov, Andre},
 title = {An Extension of {S}ystem {F} with Subtyping},
 journal = {Inf. Comput.},
 volume = {109},
 number = {1-2},
 pages = {4--56},
 //month = feb,
 year = {1994}
}


@incollection{emgm,
  title = "Extensible and Modular Generics for the Masses",
  author = "Bruno C. d. S. Oliveira, Ralf Hinze and Andres Loeh",
  year = "2006",
  booktitle = "Trends in Functional Programming",
  editor = "Henrik Nilsson"
}

@inproceedings{DelawareOS13,
	Author = {Benjamin Delaware and Bruno C. d. S. Oliveira and Tom Schrijvers},
	Booktitle = {The 40th Annual {ACM} {SIGPLAN}-{SIGACT} Symposium on Principles of Programming Languages, {POPL} '13, Rome, Italy - January 23 - 25},
	Title = {Meta-theory {\`a} la carte},
	Year = {2013},
	}

@inproceedings{SchwaabS13,
	Author = {Christopher Schwaab and Jeremy G. Siek},
	Booktitle = {Proceedings of the 7th Workshop on Programming languages meets program verification (PLPV)},
	Title = {Modular type-safety proofs in Agda},
	Year = {2013},
}

@article{swierstra:la-carte,
	Author = {Wouter Swierstra},
	Journal = {Journal of Functional Programming},
	Month = {July},
	Number = {4},
	Pages = {423--436},
	Title = {Data types \`a la carte},
	Volume = {18},
	Year = {2008}}

@InCollection{Prehofer97,
  key =    {Prehofer},
  author =   {Christian Prehofer},
  title =    {Feature-Oriented Programming: A Fresh Look at Objects},
  booktitle =    {ECOOP '97 --- Object-Oriented Programming 11th
                  European Conference},
  year =   1997
}

@article{Knuth1968,
  author = {Donald Knuth},
  title = {{Semantics of Context-Free Languages}},
  journal = {Mathematical Systems Theory},
  year = {1968}
}

@inproceedings{Tarr99ndegrees,
 author = {Tarr, Peri and Ossher, Harold and Harrison, William and Sutton,Jr., Stanley M.},
 title = {N Degrees of Separation: Multi-dimensional Separation of Concerns},
 booktitle = {Proceedings of the 21st International Conference on Software Engineering},
 series = {ICSE '99},
 year = {1999},
}

@inproceedings{Harrison93subject,
 author = {Harrison, William and Ossher, Harold},
 title = {Subject-oriented Programming: A Critique of Pure Objects},
 booktitle = {Proceedings of the Eighth Annual Conference on Object-oriented Programming Systems, Languages, and Applications},
 series = {OOPSLA '93},
 year = {1993},
}

@inproceedings{Bracha98making,
 author = {Bracha, Gilad and Odersky, Martin and Stoutamire, David and Wadler, Philip},
 title = {Making the Future Safe for the Past: Adding Genericity to the Java Programming Language},
 booktitle = {Proceedings of the 13th ACM SIGPLAN Conference on Object-oriented Programming, Systems, Languages, and Applications},
 series = {OOPSLA '98},
 year = {1998},
}

@inproceedings{Torgersen04wildcards,
 author = {Torgersen, Mads and Hansen, Christian Plesner and Ernst, Erik and von der Ah{\'e}, Peter and Bracha, Gilad and Gafter, Neal},
 title = {Adding Wildcards to the Java Programming Language},
 booktitle = {Proceedings of the 2004 ACM Symposium on Applied Computing},
 series = {SAC '04},
 year = {2004},
}

@inproceedings{Moors08generics,
 author = {Moors, Adriaan and Piessens, Frank and Odersky, Martin},
 title = {Generics of a Higher Kind},
 booktitle = {Proceedings of the 23rd ACM SIGPLAN Conference on Object-oriented Programming Systems Languages and Applications},
 series = {OOPSLA '08},
 year = {2008},
}

@book{gamma1994design,
  title={Design patterns: elements of reusable object-oriented software},
  author={Gamma, Erich and Helm, Richard and Johnson, Ralph and Vlissides, John},
  year={1994},
  publisher={Pearson Education}
}

@article{Igarashi06variant,
 author = {Igarashi, Atsushi and Viroli, Mirko},
 title = {Variant Parametric Types: A Flexible Subtyping Scheme for Generics},
 journal = {ACM Trans. Program. Lang. Syst.},
 issue_date = {September 2006},
 number = {5},
 year = {2006},
}

@inproceedings{Reynolds74f,
 author = {Reynolds, John C.},
 title = {Towards a Theory of Type Structure},
 booktitle = {Programming Symposium, Proceedings Colloque Sur La Programmation},
 year = {1974},
}



@inproceedings{Canning89f-bounded,
 author = {Canning, Peter and Cook, William and Hill, Walter and Olthoff, Walter and Mitchell, John C.},
 title = {F-bounded Polymorphism for Object-oriented Programming},
 booktitle = {FPCA'89},
 year = {1989},
}

@inproceedings{togersen:2004,
  author    = {Mads Torgersen},
  title     = {{The Expression Problem Revisited}},
  booktitle = {Proc. of the 18th European Conference on Object-Oriented Programming},
  year      = {2004},
  editor    = {Martin Odersky},
  series    = {Lecture Notes in Computer Science},
}

@incollection{oliveira2013feature,
  title={Feature-Oriented programming with object algebras},
  author={Oliveira, Bruno C. d. S. and Van Der Storm, Tijs and Loh, Alex and Cook, William R},
  booktitle={ECOOP'13},
  year={2013},
}

@inproceedings{rendel14attributes,
 author = {Rendel, Tillmann and Brachth\"{a}user, Jonathan Immanuel and Ostermann, Klaus},
 title = {From Object Algebras to Attribute Grammars},
 booktitle = {Proceedings of the 2014 ACM International Conference on Object Oriented Programming Systems Languages \& Applications},
 series = {OOPSLA '14},
 year = {2014},
}

@article{finally-tagless,
 author = {Carette, Jacques and Kiselyov, Oleg and Shan, Chung-chieh},
 title = {Finally tagless, partially evaluated: Tagless staged interpreters for simpler typed languages},
 journal = {J. Funct. Program.},
 volume = {19},
 number = {5},
 year = {2009}
 }

@incollection{oliveira2012extensibility,
  title={Extensibility for the Masses},
  author={Oliveira, Bruno C. d. S. and Cook, William R},
  booktitle={ECOOP 2012--Object-Oriented Programming},
  year={2012},
}

@inproceedings{amin2012dependent,
  title={Dependent object types},
  author={Amin, Nada and Moors, Adriaan and Odersky, Martin},
  booktitle={19th International Workshop on Foundations of Object-Oriented Languages},
  year={2012}
}

@incollection{malayeri2008integrating,
  title={Integrating nominal and structural subtyping},
  author={Malayeri, Donna and Aldrich, Jonathan},
  booktitle={ECOOP 2008--Object-Oriented Programming},
  year={2008},
}

@inproceedings{oliveira09modular,
  title = "Modular Visitor Components: A Practical Solution to the Expression Families Problem",
  author = "Bruno C. d. S. Oliveira",
  year = "2009",
  booktitle = "23rd European Conference on Object Oriented Programming (ECOOP)",
  journal = "23rd European Conference on Object Oriented Programming (ECOOP)",
}

@article{ostermann2008nominal,
  title={Nominal and Structural Subtyping in Component-Based Programming.},
  author={Ostermann, Klaus},
  journal={Journal of Object Technology},
  year={2008},
}

@inproceedings{Ernst01family,
 author = {Ernst, Erik},
 title = {Family Polymorphism},
 booktitle = {Proceedings of the 15th European Conference on Object-Oriented Programming},
 series = {ECOOP '01},
 year = {2001}
}

@inproceedings{Ostermann02dynamically,
 author = {Ostermann, Klaus},
 title = {Dynamically Composable Collaborations with Delegation Layers},
 booktitle = {Proceedings of the 16th European Conference on Object-Oriented Programming},
 series = {ECOOP '02},
 year = {2002}
}

@inproceedings{Smaragdakis98mixin,
 author = {Smaragdakis, Yannis and Batory, Don S.},
 title = {Implementing Layered Designs with Mixin Layers},
 booktitle = {Proceedings of the 12th European Conference on Object-Oriented Programming},
 series = {ECCOP '98},
 year = {1998}
}

@inproceedings{McDirmid01Jiazzi,
 author = {McDirmid, Sean and Flatt, Matthew and Hsieh, Wilson C.},
 title = {Jiazzi: New-age Components for Old-fasioned Java},
 booktitle = {Proceedings of the 16th ACM SIGPLAN Conference on Object-oriented Programming, Systems, Languages, and Applications},
 series = {OOPSLA '01},
 year = {2001}
}


@incollection{Aracic06CaesarJ,
 author = {Aracic, Ivica and Gasiunas, Vaidas and Mezini, Mira and Ostermann, Klaus},
 chapter = {An Overview of Caesarj},
 title = {Transactions on Aspect-Oriented Software Development I},
 editor = {Rashid, Awais and Aksit, Mehmet},
 year = {2006}
}


@article{ernst2006virtual,
  title={A Virtual Class Calculus},
  author={Ernst, Erik and Ostermann, Klaus and Cook, William Randall},
  journal={POPL 2006},
}

@inproceedings{nystrom2006j,
  title={J\&: Nested intersection for scalable software composition},
  author={Nystrom, Nathaniel and Qi, Xin and Myers, Andrew C},
  booktitle={In Proc. 2006 OOPSLA},
}

@book{pierce2002types,
  title={Types and programming languages},
  author={Pierce, Benjamin C},
  year={2002},
}

@inproceedings{garrigue1998programming,
  title={Programming with polymorphic variants},
  author={Garrigue, Jacques},
  booktitle={ML Workshop},
  year={1998},
  organization={Baltimore}
}

@article{wadler1998expression,
  title={The expression problem},
  author={Wadler, Philip},
  journal={Java-genericity mailing list},
  year={1998}
}

@inproceedings{plotkin1994subtyping,
  title={Subtyping and parametricity},
  author={Plotkin, Gordon and Abadi, Mart{\'\i}n and Cardelli, Luca},
  booktitle={Logic in Computer Science, 1994. LICS'94. Proceedings., Symposium on},
  year={1994},
  organization={IEEE}
}

@article{CMMS,  
  author={Cardelli, L. and  Martini, S. and Mitchell, J.and Scedrov, A.},
  title={An extension of {S}ystem {F} with subtyping},
  journal={Information and Computation},
  year={1994}
}

@inproceedings{cook1989inheritance,
  title={Inheritance is not subtyping},
  author={Cook, William R and Hill, Walter and Canning, Peter S},
  booktitle={Proceedings of the 17th ACM SIGPLAN-SIGACT symposium on Principles of programming languages},
  year={1989},
  organization={ACM}
}

@inproceedings{wand1987complete,
  title={Complete type inference for simple objects},
  author={Wand, Mitchell},
  booktitle={LICS'87},
  year={1987}
}

@article{cardelli1985understanding,
  title={On understanding types, data abstraction, and polymorphism},
  author={Cardelli, Luca and Wegner, Peter},
  journal={ACM Comput. Surv.},
  volume    = {17},
  number    = {4},
  pages     = {471--522},
  year={1985},
}

@InProceedings{Zenger-Odersky2005 ,
  author =   {Zenger, Mathhias and Odersky, Martin},
  title =        {Independently Extensible Solutions to the Expression Problem},
  booktitle =    {FOOL},
  year =         2005,
}

@TECHREPORT{Mark93coherence,
  AUTHOR =       {Mark P. Jones},
  TITLE =        {{Coherence for Qualified Types}},
  INSTITUTION =  {Yale University},
  YEAR =         {1993},
  number =       {YALEU/DCS/RR-989},
  source =       {avalible at http://www.cse.ogi.edu/~mpj/pubs/coherence.html},
}

@TECHREPORT{gaster1996polymorphic,
  author = {Benedict R. Gaster and Mark P. Jones},
  title = {A Polymorphic Type System for Extensible Records and Variants},
  institution = {University of Nottingham},
  number = {NOTTCS-TR-96-3},
  year = {1996}
}

@inproceedings{blume2006extensible,
   author = {Blume, Matthias and Acar, Umut A. and Chae, Wonseok},
   title = {Extensible Programming with First-class Cases},
   //booktitle = {Proceedings of the Eleventh ACM SIGPLAN International Conference on Functional Programming},
   booktitle = {ICFP'06},
   year = {2006},
   //pages = {239--250},
   //publisher = {ACM},
   //address = {New York, NY, USA},
} 

inproceedings{blume2006extensible,
  author    = {Matthias Blume and
               Umut A. Acar and
               Wonseok Chae},
  title     = {Extensible programming with first-class cases},
  booktitle = {Proceedings of the 11th {ACM} {SIGPLAN} International Conference on
               Functional Programming, {ICFP} 2006, Portland, Oregon, USA, September
               16-21, 2006},
  //pages     = {239--250},
  year      = {2006},
}


@article         {vanBakel92,
title        =   "Complete restrictions of the intersection type discipline",
author       =   "Steffen van Bakel",
journal      =   TCS, 
volume       =   99, 
year         =   1992}

@InProceedings{Pfenning99cade,
  author =       "Frank Pfenning and Carsten Sch{\"u}rmann",
  title =        "System Description: Twelf --- {A} Meta-Logical
                 Framework for Deductive Systems",
  editor =       "H. Ganzinger",
  pages =        "202--206",
  booktitle =    "Proceedings of the International Conference on
                 Automated Deduction",
  year =         "1999"
}

@inproceedings{Dunfield04tri,
 author = {Dunfield, Joshua and Pfenning, Frank},
 title = {Tridirectional Typechecking},
 booktitle = {Proceedings of the 31st ACM SIGPLAN-SIGACT Symposium on Principles of Programming Languages},
 series = {POPL '04},
 year = {2004}
} 

@Book{jones94,
  author =       "Mark P. Jones",
  title =        "Qualified Types: Theory and Practice",
  publisher =    "Cambridge University Press",
  year =         "1994",
}

@inproceedings{Wadler89ad-hoc,
 author = {Wadler, P. and Blott, S.},
 title = {How to Make Ad-hoc Polymorphism Less Ad Hoc},
 booktitle = {Proceedings of the 16th ACM SIGPLAN-SIGACT Symposium on Principles of Programming Languages},
 series = {POPL '89},
 year = {1989}
} 

@article{Pierce00local,
 author = {Pierce, Benjamin C. and Turner, David N.},
 title = {Local Type Inference},
 journal = {ACM Trans. Program. Lang. Syst.},
 issue_date = {Jan. 2000},
 volume = {22},
 number = {1},
 month = jan,
 year = {2000}
} 


@article{cardelli88semantics,
author="Luca Cardelli",
title="A semantics of multiple inheritance",
journal="Information and Computation",
volume=76,
year=1988,
pages="138-164"}

article{dunfield2014elaborating,
  title={Elaborating intersection and union types},
  author={Dunfield, Joshua},
  journal={Journal of Functional Programming},
  year={2014},
}

@inproceedings{dunfield2014elaborating,
   author = {Dunfield, Joshua},
   title = {Elaborating Intersection and Union Types},
   //booktitle = {Proceedings of the 17th ACM SIGPLAN International Conference on Functional Programming},
   booktitle = {ICFP'12},
   year = {2012},
   //pages = {17--28},
   //publisher = {ACM},
   //address = {New York, NY, USA},
   keywords = {intersection types},
} 

@article{frisch2008semantic,
  title={Semantic subtyping: Dealing set-theoretically with function, union, intersection, and negation types},
  author={Frisch, Alain and Castagna, Giuseppe and Benzaken, V{\'e}ronique},
  journal={Journal of the ACM (JACM)},
  year={2008},
}

inproceedings{dunfield2007refined,
  title={Refined typechecking with Stardust},
  author={Dunfield, Joshua},
  booktitle={Proceedings of the 2007 workshop on Programming languages meets program verification},
  year={2007},
  organization={ACM}
}

@phdthesis{davies2005practical,
  title={Practical refinement-type checking},
  author={Davies, Rowan},
  year={2005},
  school={Carnegie Mellon University}
}

@inproceedings{davies2000intersection,
  title={Intersection Types and Computational Effects},
  author={Davies, Rowan and Pfenning, Frank},
  //booktitle={Proceedings of the Fifth ACM SIGPLAN International Conference on Functional Programming (ICFP'00)},
  booktitle = {ICFP'00},
  year={2000},
}

@inproceedings{reynolds1991coherence,
 author = {Reynolds, John C.},
 title = {The Coherence of Languages with Intersection Types},
 //booktitle = {Proceedings of the International Conference on Theoretical Aspects of Computer Software},
 booktitle = {TACS'91},
 year = {1991}
}

@article{Hinze:2006,
 author = {Hinze, Ralf},
 title = {Generics for the Masses},
 journal = {J. Funct. Program.},
 issue_date = {July 2006},
 volume = {16},
 number = {4-5},
 month = jul,
 year = {2006}
}


@inproceedings{WadlerB89,
  author    = {Philip Wadler and
               Stephen Blott},
  title     = {How to Make ad-hoc Polymorphism Less ad-hoc},
  booktitle = {POPL},
  year      = {1989},
  pages     = {60-76},
  publisher = {ACM}
}

@techreport{crary1998simple,
  title={Simple, efficient object encoding using intersection types},
  author={Crary, Karl},
  year={1998},
  number={CMU-CS-99-100},
  institution={Cornell University}
}

book{reynolds1997design,
  title={Design of the programming language Forsythe},
  author={Reynolds, John C},
  year={1997},
}

@Inbook{reynolds1997design,
  author="Reynolds, John C.",
  editor="O'Hearn, Peter W. and Tennent, Robert D.",
  //title="Design of the programming language {F}orsythe",
  chapter="Design of the programming language {F}orsythe",
  //bookTitle="Algol-like Languages",
  title="Algol-like languages",
  year="1997",
  publisher="Birkh{\"a}user Boston",
  //address="Boston, MA",
  //pages="173--233",
}


@article{pierce1997intersection,
  title={Intersection types and bounded polymorphism},
  author={Pierce, Benjamin C},
  journal={Mathematical Structures in Computer Science},
  year={1997},
}

@inproceedings{Benzaken03cduce,
 author = {Benzaken, V{\'e}ronique and Castagna, Giuseppe and Frisch, Alain},
 title = {{CD}uce: An {XML}-centric General-purpose Language},
 booktitle = {Proceedings of the Eighth ACM SIGPLAN International Conference on Functional Programming},
 series = {ICFP'03},
 year = {2003}
} 

@TechReport{scala-overview,
  author =       {Martin Odersky and others},
  title =        {An Overview of the {S}cala Programming Language},
  institution =  {EPFL Lausanne, Switzerland},
  year =         2004,
  number =       {IC/2004/64}
}

@article{castagna1995calculus,
  title={A calculus for overloaded functions with subtyping},
  author={Castagna, Giuseppe and Ghelli, Giorgio and Longo, Giuseppe},
  journal={Information and Computation},
  year={1995},
  volume={117},
  number={1},
  pages={115-135}
}

@article{barbanera1995intersection,
  title={Intersection and union types: syntax and semantics},
  author={Barbanera, Franco and Dezaniciancaglini, Mariangiola and Deliguoro, Ugo},
  journal={Information and Computation},
  year={1995},
}

article{pierce1991programming1,
  title={Programming with intersection types, union types, and polymorphism},
  author={Pierce, Benjamin C},
  year={1991}
}

@techreport{pierce1991programming1,
    author = {Pierce, Benjamin C.},
    title = {Programming with intersection types, union types, and polymorphism},
    institution = {Carnegie Mellon University},
    type = {Technical Report},
    number = {CMU-CS-91-106},
    year = {1991},
}

phdthesis{pierce1991programming2,
  title={Programming with intersection types and bounded polymorphism},
  author={Pierce, Benjamin C},
  year={1991},
  school={Carnegie Mellon University Pittsburgh, PA}
}

@phdthesis{pierce1991programming2,
    author = {Pierce, Benjamin C.},
    title = {Programming with intersection types and bounded polymorphism},
    school = {Carnegie Mellon University},
    //month = {December},
    year = {1991},
}

inproceedings{freeman1991refinement,
 author = {Freeman, Tim and Pfenning, Frank},
 title = {Refinement Types for ML},
 booktitle = {Proceedings of the ACM SIGPLAN 1991 Conference on Programming Language Design and Implementation},
 series = {PLDI '91},
 year = {1991},
}

@article{Swierstra:2008,
 author = {Swierstra, Wouter},
 title = {Data Types \&\#224; La Carte},
 journal = {J. Funct. Program.},
 issue_date = {July 2008},
 volume = {18},
 number = {4},
 month = jul,
 year = {2008}
}

@article{coppo1981functional,
  title={Functional characters of solvable terms},
  author={Coppo, Mario and Dezani-Ciancaglini, Mariangiola and Venneri, Betti},
  journal={Mathematical Logic Quarterly},
  volume={27},
  number={2--6},
  pages={45--58},
  year={1981},
}

@article{coppo1978new,
  title={A new type assignment for $\lambda$-terms},
  author={Coppo, Mario and Dezani-Ciancaglini, Mariangiola},
  journal={Archiv f{\"u}r mathematische Logik und Grundlagenforschung},
  year={1978},
}

-------
RECORDS
-------

@inproceedings{chlipala2010ur,
  title={Ur: statically-typed metaprogramming with type-level record computation},
  author={Chlipala, Adam},
  booktitle={ACM Sigplan Notices},
  year={2010},
  organization={ACM}
}

@inproceedings{leijen2005extensible,
  title={Extensible records with scoped labels.},
  author={Leijen, Daan},
  booktitle={Trends in Functional Programming},
  year={2005}
}

@techreport{leijen2004first,
  title={First-class labels for extensible rows},
  author={Leijen, Daan},
  journal={UU-CS},
  number={UU-CS-2004-051},
  institution={Utrecht University},
  year={2004},
}

@incollection{remy1993type,
   author = {R{\'e}my, Didier},
   chapter = {Type inference for records in natural extension of {ML}},
   title = {Theoretical Aspects of Object-oriented Programming},
   //editor = {Gunter, Carl A. and Mitchell, John C.},
   year = {1994},
   //isbn = {0-262-07155-X},
   //pages = {67--95},
   publisher = {MIT Press},
   //address = {Cambridge, MA, USA},
} 

book{remy1993type,
  title={Type inference for records in a natural extension of ML},
  author={R{\'e}my, Didier},
  year={1993},
  publisher={Theoretical Aspects Of Object-Oriented Programming. Types, Semantics and Language Design. MIT Press}
}

@inproceedings{remy1992typing,
    author    = {Didier R{\'{e}}my},
    title     = {Typing Record Concatenation for Free},
    //booktitle = {Conference Record of the Nineteenth Annual {ACM} {SIGPLAN-SIGACT}
                 Symposium on Principles of Programming Languages, Albuquerque, New
                 Mexico, USA, January 19-22, 1992},
    booktitle = {POPL'92},
    //pages     = {166--176},
    year      = {1992},
}

book{cardelli1992extensible,
  title={Extensible records in a pure calculus of subtyping},
  author={Cardelli, Luca},
  year={1992},
  publisher={Digital. Systems Research Center}
}

@incollection{cardelli1992extensible,
   author = {Cardelli, Luca},
   chapter = {Extensible records in a pure calculus of subtyping},
   title = {Theoretical Aspects of Object-oriented Programming},
   //editor = {Gunter, Carl A. and Mitchell, John C.},
   year = {1994},
   //isbn = {0-262-07155-X},
   //pages = {373--425},
   publisher = {MIT Press},
   //address = {Cambridge, MA, USA},
} 

@techreport{sulzmann97designing, 
  author = {Martin Sulzmann}, 
  title = {Designing Record Systems}, 
  institution = {Yale University}, 
  number = {YALEU/DCS/RR-1128},
  year = {1997} 
} 

@inproceedings{makholm05type,
    author    = {Henning Makholm and J. B. Wells},
    title     = {Type inference, principal typings, and let-polymorphism for first-class
                 mixin modules},
    //booktitle = {Proceedings of the 10th {ACM} {SIGPLAN} International Conference on
                   Functional Programming, {ICFP} 2005, Tallinn, Estonia, September 26-28,
                   2005},
    booktitle = {ICFP'05},
    //pages     = {156--167},
    year      = {2005},
}

@inproceedings{pottier2003constraint,
    author =   {François Pottier},
    title =    {A Constraint-Based Presentation and Generalization of Rows},
    //booktitle =  {Proceedings of the Eighteenth Annual IEEE Symposium on Logic in Computer Science (LICS 2003)},
    booktitle = {LICS'03},
    year =   {2003},
    //month =  {June}, 
    //pages =      {331--340},
    //publisher =  {IEEE Computer Society Press}
}

@inproceedings{harper1991record,
  title={A record calculus based on symmetric concatenation},
  author={Harper, Robert and Pierce, Benjamin},
  //booktitle={Proceedings of the 18th ACM SIGPLAN-SIGACT symposium on Principles of programming languages},
  booktitle={POPL'91},
  year={1991},
  //organization={ACM}
}

@inproceedings{cardelli1990operations,
  title={Operations on records},
  author={Cardelli, Luca and Mitchell, John C},
  booktitle={Mathematical Foundations of Programming Semantics},
  year={1990},
}

@techreport{harper1990extensible,
  title={Extensible records without subsumption},
  author={Harper, Robert William and Pierce, Benjamin C},
  number={CMU-C5-90-102},
  year={1990}
}

@inproceedings{remy1989type,
  title={Type checking records and variants in a natural extension of ML},
  author={R{\'e}my, Didier},
  booktitle={Proceedings of the 16th ACM SIGPLAN-SIGACT symposium on Principles of programming languages},
  year={1989},
  organization={ACM}
}

@inproceedings{wand1989type,
  title={Type inference for record concatenation and multiple inheritance},
  author={Wand, Mitchell},
  //booktitle={Logic in Computer Science, 1989. LICS'89, Proceedings., Fourth Annual Symposium on},
  booktitle={LICS'89},
  year={1989},
  //organization={IEEE}
}

@article{pierce1994simple,
    author    = {Benjamin C. Pierce and David N. Turner},
    title     = {Simple Type-Theoretic Foundations for Object-Oriented Programming},
    journal   = {J. Funct. Program.},
    volume    = {4},
    number    = {2},
    pages     = {207--247},
    year      = {1994},
}

@techreport{jones99lightweight,
  author = {M. Jones and S. Peyton Jones},
  title = {Lightweight Extensible Records for {H}askell},
  number = {UU-CS-1999-28},
  institution = {Haskell Workshop},
  year = {1999},
}

@InProceedings{aydemir-popl-08,
  author = "Brian E. Aydemir and Arthur Chargu{\'e}raud and Benjamin C. Pierce and Randy Pollack and Stephanie Weirich",
  title = "Engineering formal metatheory",
  year = "2008",
  //pages = "3--15",
  //editor = "George C. Necula and Philip Wadler",
  //publisher = "ACM",
  //booktitle = "Proceeding of the 35th {ACM} {SIGPLAN}-{SIGACT} Symposium on Principles of Programming Languages",
  booktitle = {POPL'08},
}

@inproceedings{black2012grace,
   author = {Black, Andrew P. and Bruce, Kim B. and Homer, Michael and Noble, James},
   title = {Grace: The Absence of (Inessential) Difficulty},
   //booktitle = {Proceedings of the ACM International Symposium on New Ideas, New Paradigms, and Reflections on Programming and Software},
   booktitle = {Onward! 2012},
   year = {2012},
   //isbn = {978-1-4503-1562-3},
   //pages = {85--98},
   //publisher = {ACM},
   //address = {New York, NY, USA},
   keywords = {grace},
} 

------
TRAITS
------

@article{ducasse2006traits,
   author = {Ducasse, St{\'e}phane and Nierstrasz, Oscar and Sch\"{a}rli, Nathanael and Wuyts, Roel and Black, Andrew P.},
   title = {Traits: A Mechanism for Fine-grained Reuse},
   journal = {ACM Trans. Program. Lang. Syst.},
   issue_date = {March 2006},
   volume = {28},
   number = {2},
   //month = mar,
   year = {2006},
   issn = {0164-0925},
   pages = {331--388},
   //url = {http://doi.acm.org/10.1145/1119479.1119483},
   publisher = {ACM},
   address = {New York, NY, USA},
   keywords = {Languages, Smalltalk, inheritance, mixins, multiple inheritance, reuse, traits},
} 

@INPROCEEDINGS{fisher04atyped,
   author = {Kathleen Fisher},
   title = {A typed calculus of traits},
   booktitle = {FOOL11},
   year = {2004}
}

@inproceedings{odersky2005scalable,
   author = {Odersky, Martin and Zenger, Matthias},
   title = {Scalable Component Abstractions},
   //booktitle = {Proceedings of the 20th Annual ACM SIGPLAN Conference on Object-oriented Programming, Systems, Languages, and Applications},
   booktitle = {OOPSLA '05},
   year = {2005},
   //isbn = {1-59593-031-0},
   //pages = {41--57},
   //publisher = {ACM},
   //address = {New York, NY, USA},
   keywords = {Scala, abstract types, classes, components, mixins},
}


@inproceedings{rompf2016soundness,
   author = {Rompf, Tiark and Amin, Nada},
   title = {Type Soundness for Dependent Object Types},
   booktitle = {OOPSLA'16},
   year = {2016}
}

------
MIXINS
------

@inproceedings{bracha1990mixin,
   author = {Bracha, Gilad and Cook, William},
   title = {Mixin-based Inheritance},
   //booktitle = {Proceedings of the European Conference on Object-oriented Programming on Object-oriented Programming Systems, Languages, and Applications},
   booktitle = {OOPSLA/ECOOP '90},
   year = {1990},
   //isbn = {0-89791-411-2},
   //pages = {303--311},
   //publisher = {ACM},
   //address = {New York, NY, USA},
} 

@INPROCEEDINGS{ancona96algebraic,
   author = {Davide Ancona and Elena Zucca},
   title = {An Algebraic Approach to Mixins and Modularity},
   //booktitle = {ALP '96 - 5th Intl. Conf. on Algebraic and Logic Programming, number 1139 in Lecture Notes in Computer Science},
   year = {1996},
   booktitle = {ALP'96},
   //pages = {179--193},
   //publisher = {Springer Verlag}
}

@inproceedings{flatt1998classes,
   author = {Flatt, Matthew and Krishnamurthi, Shriram and Felleisen, Matthias},
   title = {Classes and Mixins},
   //booktitle = {Proceedings of the 25th ACM SIGPLAN-SIGACT Symposium on Principles of Programming Languages},
   booktitle = {POPL'98},
   year = {1998},
   isbn = {0-89791-979-3},
   //pages = {171--183},
   //publisher = {ACM},
   //address = {New York, NY, USA},
} 

@inproceedings{findler1998modular,
   author = {Findler, Robert Bruce and Flatt, Matthew},
   title = {Modular Object-oriented Programming with Units and Mixins},
   //booktitle = {Proceedings of the Third ACM SIGPLAN International Conference on Functional Programming},
   booktitle = {ICFP'98},
   year = {1998},
   isbn = {1-58113-024-4},
   //pages = {94--104},
   //publisher = {ACM},
   //address = {New York, NY, USA},
} 

article{findler1998modular,
   author = {Findler, Robert Bruce and Flatt, Matthew},
   title = {Modular Object-oriented Programming with Units and Mixins},
   journal = {SIGPLAN Not.},
   volume = {34},
   number = {1},
   //month = sep,
   year = {1998},
   issn = {0362-1340},
   pages = {94--104},
   publisher = {ACM},
   address = {New York, NY, USA},
} 

@article{ancona2003jam,
   author = {Ancona, Davide and Lagorio, Giovanni and Zucca, Elena},
   title = {Jam---designing a {J}ava Extension with Mixins},
   journal = {ACM Trans. Program. Lang. Syst.},
   //issue_date = {September 2003},
   volume = {25},
   number = {5},
   //month = sep,
   year = {2003},
   //issn = {0164-0925},
   pages = {641--712},
   //publisher = {ACM},
   //address = {New York, NY, USA},
   //keywords = {Java, language design},
}

Inbook{bettini2004corecalculus,
  author={Bettini, Lorenzo
    and Bono, Viviana
    and Likavec, Silvia},
  editor={Berardi, Stefano
    and Coppo, Mario
    and Damiani, Ferruccio},
  title={A core calculus of higher-order mixins and classes},
  bookTitle={Types for Proofs and Programs: International Workshop, TYPES 2003, Torino, Italy, April 30 - May 4, 2003, Revised Selected Papers},
  year={2004},
  publisher={Springer Berlin Heidelberg},
  //address={Berlin, Heidelberg},
  //pages={83--98},
  //isbn={978-3-540-24849-1},
}

@inproceedings{bettini2004corecalculus,
   author = {Bettini, Lorenzo and Bono, Viviana and Likavec, Silvia},
   title = {A core calculus of higher-order mixins and classes},
   //booktitle = {Proceedings of the 2004 ACM Symposium on Applied Computing},
   booktitle = {SAC'04},
   year = {2004},
   //pages = {1508--1509},
   //publisher = {ACM},
   //address = {New York, NY, USA},
} 

----
URLs
----

@misc{coq,
  title = {The {C}oq {P}roof {A}ssistant},
  url  = {https://coq.inria.fr/},
}

@misc{typescript,
  title = {Type{S}cript},
  url  = {https://www.typescriptlang.org/},
}

@misc{ceylon,
  title = {Ceylon},
  url  = {https://ceylon-lang.org/},
}

@misc{flow,
  title = {Flow},
  url  = {https://flowtype.org/},
}
