@article{dunfield2014elaborating,
  title={Elaborating intersection and union types},
  author={Dunfield, Joshua},
  journal={Journal of Functional Programming},
  volume={24},
  number={2-3},
  pages={133--165},
  year={2014},
  publisher={Cambridge University Press}
}

@inproceedings{amin2014foundations,
  title={Foundations of path-dependent types},
  author={Amin, Nada and Rompf, Tiark and Odersky, Martin},
  booktitle={Proceedings of the 2014 ACM International Conference on Object Oriented Programming Systems Languages \& Applications},
  pages={233--249},
  year={2014},
  organization={ACM}
}

@inproceedings{amin2012dependent,
  title={Dependent object types},
  author={Amin, Nada and Moors, Adriaan and Odersky, Martin},
  booktitle={19th International Workshop on Foundations of Object-Oriented Languages},
  number={EPFL-CONF-183030},
  year={2012}
}

@book{reynolds1997design,
  title={Design of the programming language Forsythe},
  author={Reynolds, John C},
  year={1997},
  publisher={Springer}
}

@article{castagna1995calculus,
  title={A calculus for overloaded functions with subtyping},
  author={Castagna, Giuseppe and Ghelli, Giorgio and Longo, Giuseppe},
  journal={Information and Computation},
  volume={117},
  number={1},
  pages={115--135},
  year={1995},
  publisher={Elsevier}
}

@book{cardelli1992extensible,
  title={Extensible records in a pure calculus of subtyping},
  author={Cardelli, Luca},
  year={1992},
  publisher={Digital. Systems Research Center}
}

@phdthesis{pierce1991programming,
  title={Programming with intersection types and bounded polymorphism},
  author={Pierce, Benjamin C},
  year={1991},
  school={Carnegie Mellon University Pittsburgh, PA}
}